<?xml version="1.0" encoding="UTF-8"?><record xmlns="http://www.loc.gov/MARC21/slim" xmlns:cinclude="http://apache.org/cocoon/include/1.0" xmlns:zs="http://www.loc.gov/zing/srw/">
  <leader>01008cz  a2200193n  4500</leader>
  <controlfield tag="001">n  79012934 </controlfield>
  <controlfield tag="003">DLC</controlfield>
  <controlfield tag="005">20090222075219.0</controlfield>
  <controlfield tag="008">790209n| acannaabn          |a aaa      </controlfield>
  <datafield tag="010" ind1=" " ind2=" ">
    <subfield code="a">n  79012934 </subfield>
  </datafield>
  <datafield tag="035" ind1=" " ind2=" ">
    <subfield code="a">(OCoLC)oca00246974</subfield>
  </datafield>
  <datafield tag="040" ind1=" " ind2=" ">
    <subfield code="a">DLC</subfield>
    <subfield code="b">eng</subfield>
    <subfield code="c">DLC</subfield>
    <subfield code="d">DLC</subfield>
    <subfield code="d">OCoLC</subfield>
  </datafield>
  <datafield tag="100" ind1="1" ind2=" ">
    <subfield code="a">Fernández Baeza, Mario</subfield>
  </datafield>
  <datafield tag="400" ind1="1" ind2=" ">
    <subfield code="a">Fernández B., Mario</subfield>
    <subfield code="q">(Fernández Baeza)</subfield>
  </datafield>
  <datafield tag="400" ind1="1" ind2=" ">
    <subfield code="w">nnaa</subfield>
    <subfield code="a">Fernández B., Mario</subfield>
  </datafield>
  <datafield tag="400" ind1="1" ind2=" ">
    <subfield code="a">Baeza, Mario Fernández</subfield>
  </datafield>
  <datafield tag="400" ind1="1" ind2=" ">
    <subfield code="a">Fernández, Mario</subfield>
    <subfield code="q">(Fernández Baeza)</subfield>
  </datafield>
  <datafield tag="670" ind1=" " ind2=" ">
    <subfield code="a">Botana, N. Los caminos a la democracia, 1978 (a.e.)</subfield>
    <subfield code="b">t.p. (Mario Fernández) cover (Mario Fernández B.) p. 41 (Mario Fernández Baeza; candidate for doctorate in pol. sci. at Univ. of Heidelberg; licenciado of Univ. of Chile)</subfield>
  </datafield>
  <datafield tag="670" ind1=" " ind2=" ">
    <subfield code="a">His Más allá de la transición, 1986:</subfield>
    <subfield code="b">t.p. (Mario Fernández Baeza) front flap (b. 1947 in Rancagua) back flap (currently a consultant for the United Nations, law professor at the Universidad Diego Portales, and investigador asociado del CED)</subfield>
  </datafield>
</record>